<?xml version="1.0" encoding="UTF-8"?><collection xmlns="http://www.loc.gov/MARC21/slim"><record><leader>00381nam--2200145-i-4500</leader><controlfield tag="001">000027685</controlfield><controlfield tag="002">20161230</controlfield><controlfield tag="005">20170206182558</controlfield><controlfield tag="008">060222s1000------------r-----000-0-eng-d</controlfield><datafield ind1=" " ind2=" " tag="100"><subfield code="a">Kretzmann, Reinhard</subfield></datafield><datafield ind1=" " ind2=" " tag="245"><subfield code="a">Industrial electronics circuits</subfield></datafield><datafield ind1=" " ind2=" " tag="260"><subfield code="a">Eindhoven</subfield><subfield code="b">Philips`Technical Library</subfield><subfield code="c">1957</subfield></datafield><datafield ind1=" " ind2=" " tag="300"><subfield code="a">VIII + 194 p</subfield></datafield><datafield ind1=" " ind2=" " tag="852"><subfield code="a">16014</subfield></datafield><datafield ind1=" " ind2=" " tag="CAT"><subfield code="a">SYS</subfield><subfield code="c">20170206</subfield><subfield code="h">182558</subfield></datafield></record></collection>